<?xml version="1.0" encoding="UTF-8"?><collection xmlns="http://www.loc.gov/MARC21/slim"><record><leader>00330nam--2200121-i-4500</leader><controlfield tag="001">000022072</controlfield><controlfield tag="002">20161230</controlfield><controlfield tag="005">20161230201034</controlfield><controlfield tag="008">060222s1000------------r-----000-0-eng-d</controlfield><datafield ind1=" " ind2=" " tag="100"><subfield code="a">Hansen, W.W</subfield></datafield><datafield ind1=" " ind2=" " tag="245"><subfield code="a">Investigation of microwawe properties of plasmas</subfield></datafield><datafield ind1=" " ind2=" " tag="260"><subfield code="a">Washington, U.S.Department Of Comerce, 1961. 22 P</subfield></datafield><datafield ind1=" " ind2=" " tag="852"><subfield code="a">17958</subfield></datafield></record></collection>